@Book{Karlin1975,
  author = 	 {S. Karlin and H.M. Taylor},
  title = 	 {A First Course in Stochastic Processes},
  publisher = 	 {Academic Press},
  year = 	 {1975},
  edition =      {2nd}
}


@Article{Baum1970,
  author = 	 {L.E. Baum and T. Petrie and G. Soules and N. Weiss},
  title = 	 {A maximization technique occurring in the statistical analysis of probilistic functions of {M}arkov chains},
  journal = 	 {Annals of Mathematical Statistics},
  year = 	 1970,
  volume = 	 41,
  pages = 	 {164--171}
}
